@manual{WingerBain,
author = Jeffrey Winger,
title = Bainbridge Tube Measurement of e/m,
institution = Mississippi State University,
url = "https://msstate.instructure.com/courses/71416/pages/bainbridge-tube-measurement-of-e-slash-m?module_item_id=1385839"
}